<?xml version="1.0" encoding="UTF-8"?><collection xmlns="http://www.loc.gov/MARC21/slim"><record><leader>00432nam--2200145-i-4500</leader><controlfield tag="001">000011256</controlfield><controlfield tag="002">20161230</controlfield><controlfield tag="005">20161230201029</controlfield><controlfield tag="008">060222s1000------------r-----000-0-eng-d</controlfield><datafield ind1=" " ind2=" " tag="080"><subfield code="a">530.1(047)</subfield></datafield><datafield ind1=" " ind2=" " tag="100"><subfield code="a">Ademollo,, M., A.D Adda, R.D Auria /S.A.</subfield></datafield><datafield ind1=" " ind2=" " tag="245"><subfield code="a">Soft dilatons and scale renormalization in dual theories</subfield></datafield><datafield ind1=" " ind2=" " tag="260"><subfield code="a">Kobenhavn, Nordisk Institut For Teoretisk Atomfysik, 1975 221-259 P</subfield></datafield><datafield ind1=" " ind2=" " tag="490"><subfield code="a">587</subfield></datafield><datafield ind1=" " ind2=" " tag="852"><subfield code="a">16415</subfield></datafield></record></collection>